<?xml version="1.0" encoding="UTF-8"?><collection xmlns="http://www.loc.gov/MARC21/slim"><record><leader>00523nam--2200133-i-4500</leader><controlfield tag="001">000020044</controlfield><controlfield tag="002">20161230</controlfield><controlfield tag="005">20161230201033</controlfield><controlfield tag="008">060222s1000------------r-----000-0-eng-d</controlfield><datafield ind1=" " ind2=" " tag="080"><subfield code="a">543.51:54.027(043)</subfield></datafield><datafield ind1=" " ind2=" " tag="100"><subfield code="a">Della, Negra Serge</subfield></datafield><datafield ind1=" " ind2=" " tag="245"><subfield code="a">Utilisation d`un spectrometre de masse par temps de vol pour l`identification de nouveaux isotopes,et mesure de l`energie totale de desintegration beta,de ces noyaux dans la region de deformation n~z~40.these</subfield></datafield><datafield ind1=" " ind2=" " tag="260"><subfield code="a">Orsay, Universite Paris-sud, 1981. 108 P</subfield></datafield><datafield ind1=" " ind2=" " tag="852"><subfield code="a">71037</subfield></datafield></record></collection>